% Future Computer Systems and Networking Research in the Netherlands: A Manifesto
@misc{iosup2022future,
      title={Future Computer Systems and Networking Research in the Netherlands: A Manifesto}, 
      author={Alexandru Iosup and Fernando Kuipers and Ana Lucia Varbanescu and Paola Grosso and Animesh Trivedi and Jan Rellermeyer and Lin Wang and Alexandru Uta and Francesco Regazzoni},
      year={2022},
      eprint={2206.03259},
      archivePrefix={arXiv},
      primaryClass={cs.CY}
}

% OpenDC research paper
@inproceedings{DBLP:conf/ccgrid/MastenbroekAI+21,
 author    = {Fabian Mastenbroek and
              Georgios Andreadis and
              Soufiane Jounaid and
              Wenchen Lai and
              Jacob Burley and
              Jaro Bosch and
              Erwin van Eyk and
              Laurens Versluis and
              Vincent van Beek and
              Alexandru Iosup},
 title     = {{OpenDC} 2.0: Convenient Modeling and Simulation of Emerging Technologies in Cloud Datacenters},
 booktitle = {{CCGRID}},
 year      = {2021}
}